%% This BibTeX bibliography file was created using BibDesk.
%% http://bibdesk.sourceforge.net/

%% Created for mac at 2018-11-27 14:29:35 -0800 


%% Saved with string encoding Unicode (UTF-8) 

@INCOLLECTION{Joncas2017-kn,
  title     = "Improved Graph Laplacian via Geometric {Self-Consistency}",
  booktitle = "Advances in Neural Information Processing Systems 30",
  author    = "Joncas, Dominique and Meila, Marina and McQueen, James",
  editor    = "Guyon, I and Luxburg, U V and Bengio, S and Wallach, H and
               Fergus, R and Vishwanathan, S and Garnett, R",
  publisher = "Curran Associates, Inc.",
  pages     = "4457--4466",
  year      =  2017
}

@incollection{MChen:ies-neurips19,
  title = {Selecting the Independent Coordinates of Manifolds with Large Aspect Ratios},
  copyright = {All rights reserved},
  booktitle = {Advances in {{Neural Information Processing Systems}} 32},
  publisher = {{Curran Associates, Inc.}},
  author = {Chen, Yu-Chia and Meil{\u a}, Marina},
  editor = {Wallach, H. and Larochelle, H. and Beygelzimer, A. and d'{\aftergroup\ignorespaces} {Alch{\'e}-Buc}, F. and Fox, E. and Garnett, R.},
  year = {2019},
  pages = {1086--1095}
}

@techreport{MChen:ies-arxiv19,
  author    = {Yu{-}Chia Chen and
               Marina Meila},
  title     = {Selecting the independent coordinates of manifolds with large aspect  ratios},
  institution = {arXiv},
  volume    = {abs/1907.01651},
  year      = {2019},
  url       = {http://arxiv.org/abs/1907.01651},
  archivePrefix = {arXiv},
  eprint    = {1907.01651},
  timestamp = {Mon, 08 Jul 2019 14:12:33 +0200},
  biburl    = {https://dblp.org/rec/bib/journals/corr/abs-1907-01651},
  bibsource = {dblp computer science bibliography, https://dblp.org}
}

@Article{M:stability-jmva19,
  author = 	 {Marina Meil\u{a}},
  title = 	 {Good (K-means) clusterings are unique (up to small perturbations)},
  journal = 	 {Journal of Multivariate Analysis},
  year = 	 {2019},
  volume = 	 {173},
  pages = 	 {1--17},
  month = 	 {September},
}

@inproceedings{M:sdp-neurips18,
  author    = {Marina Meila},
  title     = {How to tell when a clustering is (approximately) correct using convex               relaxations},
  booktitle = {Advances in Neural Information Processing Systems (NeurIPS)},
  pages     = {7418--7429},
  year      = {2018},
  editor    = {Samy Bengio and
               Hanna M. Wallach and
               Hugo Larochelle and
               Kristen Grauman and
               Nicol{\`{o}} Cesa{-}Bianchi and
               Roman Garnett},
  url       = {http://papers.nips.cc/paper/7970-how-to-tell-when-a-clustering-is-approximately-correct-using-convex-relaxations},
  biburl    = {https://dblp.org/rec/bib/conf/nips/Meila18},
  bibsource = {dblp computer science bibliography, https://dblp.org}
}

@article{MKoelleZhang:arxiv1811-11891,
  author    = {Marina Meila and
               Samson Koelle and
               Hanyu Zhang},
  title     = {A regression approach for explaining manifold embedding coordinates},
  institution   = {arXiv},
  number    = {1811.11891},
  year      = {2018},
  url       = {http://arxiv.org/abs/1811.11891},
  archivePrefix = {arXiv},
  eprint    = {1811.11891},
  biburl    = {https://dblp.org/rec/bib/journals/corr/abs-1811-11891},
  bibsource = {dblp computer science bibliography, https://dblp.org}
}

@techreport{YuchazM:arxiv1907-01651,
  author    = {Yu{-}Chia Chen and
               Marina Meila},
  title     = {Selecting the independent coordinates of manifolds with large aspect   ratios},
  institution =  {arXiv},
  number    = {1907.01651},
  year      = {2019},
  url       = {http://arxiv.org/abs/1907.01651},
  archivePrefix = {arXiv},
  eprint    = {1907.01651},
  biburl    = {https://dblp.org/rec/bib/journals/corr/abs-1907-01651},
  bibsource = {dblp computer science bibliography, https://dblp.org}
}

@inproceedings{KoepkeKappedalM:jsm15,
  Author = {Hoyt Koepke and Ryan Kappedal and Marina Meila, University of Washington},
  Booktitle = {Joint Statistical Meeting},
  Note = {Contributed,Date/Time:  Wednesday, August 12, 2015 : 8:30 AM to 10:20 AM Sponsor:   Government Statistics Section Abstract 315682   },
  Publisher = {American Statistical Association},
  Title = {Gravimetric Anomaly Detection Using Compressed Sensing},
  Year = {2015}}

@techreport{MKoepke:cs-prepare09,
  Author = {Meil\u{a}, Marina and Koepke, Hoyt},
  Institution = {University of Washington},
  Number = {(in preparation)},
  Title = {Gravimetric sparse recovery}}

@article{MarzbanYurtseverM:supervised09,
  Author = {Marzban, Caren and Yurtsever, Ulvi and Meil\u{a}, Marina},
  Pages = {(in preparation)},
  Title = {Detection of underground cavities using gravity gradiometry}}

@article{ShortreedM:semisup-08,
  Author = {Susan Shortreed and Marina Meil\u{a}},
  Title = {Semi-supervised learning for spectral clustering},
  Year = {(submitted)}}

@techreport{MaravinaM-pce-tr:07,
  Author = {Marina Meil\u{a} and Tatiana Maravina},
  Institution = {University of Washington},
  Title = {Methods for generating matrices with {PCE}},
  Type = {Department of Statistics},
  Year = {2007}}

@techreport{BaoM:computing-exam-tr08,
  Author = {Le Bao and Marina Meil\u{a}},
  Institution = {University of Washington},
  Number = {524},
  Title = {Clustering permutations by Exponential Blurring Mean-Shift},
  Type = {Department of Statistics},
  Year = {2007}}

@article{MBao:jrss-infinite07,
  Author = {Marina Meil\u{a} and Le Bao},
  Journal = {Journal of Machine Learning Research},
  Month = {December},
  Pages = {3481--3518},
  Title = {An exponential family model over infinite rankings},
  Url = {http://jmlr.csail.mit.edu/papers/v11/meila10a/meila10a.pdf},
  Volume = {10},
  Year = {2010},
  Bdsk-Url-1 = {http://jmlr.csail.mit.edu/papers/v11/meila10a/meila10a.pdf}}

@techreport{M:equivalence-tr553,
  Author = {Meil\u{a}, Marina},
  Institution = {UW Statistics},
  Number = {553},
  Title = {Local equivalence of distances between clusterings},
  Year = {2009}}

@article{M:equivalence-ML10,
  Author = {Meil\u{a}, Marina},
  Journal = {Machine Learning},
  Number = {3},
  Pages = {369-389},
  Title = {Local equivalence of distances between clusterings -- A geometric perspective},
  Volume = {86},
  Year = {2012}}

@article{M:equivalence-tr533,
  Author = {Meil\u{a}, Marina},
  Journal = {(submitted to the Machine Learning Journal)},
  Title = {Local equivalence of distances between clusterings},
  Year = {2006}}

@article{M:kmeans-jair06,
  Author = {Marina Meil\u{a}},
  Journal = {(journal paper in preparation)},
  Title = {The stability of a good clustering},
  Year = {2006}}

@article{PerraultMScott:carreers-aas10,
  Author = {Dominique Perrault-Joncas and Marina Meil\u{a} and Marc Scott},
  Journal = {Annals of Applied Statistics},
  Pages = {(in preparation)},
  Title = {Career paths in the job landscape -- spectral embedding of directional data},
  Year = {2010}}

@article{Perrault-JoncasM:riemann-jmlr11,
  Author = {Dominique Perrault-Joncas and Marina Meil\u{a}},
  Journal = {Journal of Machine Learning Research},
  Title = {Riemannian learning of manifolds},
  Year = {(submitted)}}

@inproceedings{PerraultM:asymptotic-nips11,
  Author = {Dominique C. Perrault-Joncas and Marina Meila},
  Booktitle = {Advances in Neural Information Processing Systems 24},
  Editor = {J. Shawe-Taylor and R.S. Zemel and P. Bartlett and F.C.N. Pereira and K.Q. Weinberger},
  Pages = {990--998},
  Publisher = {Curran Associates, Inc.},
  Title = {Directed Graph Embedding: an Algorithm based on Continuous Limits of Laplacian-type Operators},
  Year = {2011}}

@article{2013arXiv1305.7255P,
  Adsnote = {Provided by the SAO/NASA Astrophysics Data System},
  Adsurl = {http://adsabs.harvard.edu/abs/2013arXiv1305.7255P},
  Archiveprefix = {arXiv},
  Author = {{Perrault-Joncas}, D. and {Meila}, M.},
  Eprint = {1305.7255},
  Journal = {ArXiv e-prints},
  Keywords = {Statistics - Machine Learning},
  Month = {May},
  Primaryclass = {stat.ML},
  Title = {{Non-linear dimensionality reduction: Riemannian metric estimation and the problem of geometric discovery}},
  Year = {2013}}

@article{mcqueenMVdpZ:megaman16,
  Adsnote = {Provided by the SAO/NASA Astrophysics Data System},
  Adsurl = {http://adsabs.harvard.edu/abs/2016arXiv160302763M},
  Archiveprefix = {arXiv},
  Author = {{McQueen}, J. and {Meila}, M. and {VanderPlas}, J. and {Zhang}, Z.},
  Eprint = {1603.02763},
  Journal = {ArXiv e-prints},
  Keywords = {Computer Science - Learning, Computer Science - Computational Geometry, Statistics - Machine Learning},
  Month = mar,
  Primaryclass = {cs.LG},
  Title = {{megaman: Manifold Learning with Millions of points}},
  Year = 2016}

@article{mcQueenMVZ:jmlr16,
  author    = {James McQueen and
               Marina Meila and
               Jacob VanderPlas and
               Zhongyue Zhang},
  title     = {Megaman: Scalable Manifold Learning in Python},
  journal   = {Journal of Machine Learning Research},
  volume    = {17},
  pages     = {148:1--148:5},
  year      = {2016},
  url       = {http://jmlr.org/papers/v17/16-109.html},
  timestamp = {Wed, 03 Apr 2019 18:34:03 +0200},
  biburl    = {https://dblp.org/rec/bib/journals/jmlr/McQueenMVZ16},
  bibsource = {dblp computer science bibliography, https://dblp.org}
}
@inproceedings{MBao:uai08-infinite,
  Author = {Marina Meil\u{a} and Le Bao},
  Booktitle = {Proceedings of the 24-th Conference on Uncertainty in Artificial Intelligence (UAI 2008)},
  Editor = {David McAllester and Petri Millim\"{a}ki},
  Publisher = {AUAI Press},
  Title = {Estimation and clustering with infinite rankings},
  Year = {2008}}

@inproceedings{RichardsonZivotChaudhuri:esrc07,
  Author = {Thomas Richardson and Eric Zivot and Saraswata Chaudhuri},
  Booktitle = {Winter Meeting of the Econometric Society},
  Note = {(An early version of this paper was presented at the Annual meeting of the ESRC Study Group in Bristol, July, 2007)},

Title = {A new Score-type test for subsets of Parameters},
  Year = {2008}}

@inproceedings{SarkarMFranza:SIAM04,
  Author = {Sarkar, Anamika and Meil\u{a}, Marina and Franza, Robert B.},
  Booktitle = {SIAM Conference on the Life Sciences},
  Note = {This was a refereed conference, which did not publish proceedings},
  Title = {Stochastic Modeling and Sensitivity Analysis of Signal Transduction Processes in {T} Cell--Dendritic Cell Interactions},
  Year = {2004}}

@inproceedings{MMarzbanYurtsever:igarss08,
  Author = {Meil\u{a}, Marina and Marzban, Caren and Yurtsever, Ulvi},
  Booktitle = {Proceedings of the 2008 IEEE International Geoscience and Remote Sensing Symposium, Boston, Massachusetts, U.S.A., (IGARSS 09)},
  Editor = {Dara Entekhabi and Steven Reising},
  Month = {December},
  Organization = {IEEE Society},
  Publisher = {IEEE Press},
  Title = {Gravimetric detection by compressed sensing},
  Year = {2008}}

@inproceedings{KoepkeM:qbp-aistats10,
  Author = {Hoyt Koepke and Marina Meila},
  Booktitle = {Proceedings of the 2011 Conference on AI and Statistics (AISTATS)},
  Organization = {SAIAS},
  Pages = {(submitted)},
  Title = {Graphcuts for general Quadratic Binary Problems},
  Year = {2011}}

@inproceedings{KoepkeM:igarss09,
  Author = {Koepke, Hoyt and Meil\u{a}, Marina},
  Booktitle = {Proceedings of the 2009 IEEE International Geoscience and Remote Sensing Symposium, Cape Town, South Africa (IGARSS 09)},
  Month = {December},
  Organization = {IEEE Society},
  Publisher = {IEEE Press},
  Title = {Model free gravimetric detection},
  Year = {2009}}

@article{SarkarMFranza:nfkb07,
  Author = {Sarkar, Anamika and Meil\u{a}, Marina and Franza, Robert},
  Journal = {EURASIP Journal on Bioinformatics and Systems Biology},
  Title = {IkappaB, NF-kappaB Regulation Model: Simulation Analysis of Small number of Molecules},
  Year = {2007}}

@inproceedings{MPentney:wcut-sdm07,
  Author = {Meil\u{a}, Marina and Pentney, William},
  Bibsource = {dblp computer science bibliography, http://dblp.org},
  Biburl = {http://dblp1.uni-trier.de/rec/bib/conf/sdm/MeilaP07},
  Booktitle = {Proceedings of the Seventh {SIAM} International Conference on Data Mining, April 26-28, 2007, Minneapolis, Minnesota, {USA}},
  Crossref = {DBLP:conf/sdm/2007},
  Doi = {10.1137/1.9781611972771.13},
  Pages = {135--144},
  Title = {Clustering by weighted cuts in directed graphs},
  Url = {http://dx.doi.org/10.1137/1.9781611972771.13},
  Year = {2007},
  Bdsk-Url-1 = {http://dx.doi.org/10.1137/1.9781611972771.13}}

@techreport{MPentney:link-criteria05,
  Author = {Meil\u{a}, Marina and Pentney, William},
  Institution = {University of Washington},
  Title = {Weighted cuts in directed graphs},
  Type = {Computer Science TR},
  Year = {2005}}

@techreport{BilmesM:intransitive-review06,
  Annote = {https://www.ee.washington.edu/techsite/papers/documents/UWEETR-2006-0021.pdf},
  Author = {Jeff Bilmes and Marina Meil\u{a}},
  Institution = {University of Washington},
  Number = {UWEETR-2006-0021},
  Title = {Intransitive classification and choice. A review},
  Year = {2006}}

@inproceedings{M:kmeans-distortion-icml06,
  Author = {Marina Meil\u{a}},
  Booktitle = {Proceedings of the International Machine Learning Conference (ICML)},
  Editor = {Moore, Andrew and Cohen, William},
  Organization = {International Machine Learning Society},
  Pages = {625--632},
  Title = {The uniqueness of a good optimum for {K}-means},
  Year = {2006}}

@inproceedings{M:axioms-icml05,
  Author = {Marina Meil\u{a}},
  Booktitle = {Proceedings of the International Machine Learning Conference (ICML)},
  Editor = {Wrobel, Stefan and De Raedt, Luc},
  Publisher = {ACM Press},
  Title = {Comparing Clusterings -- An Axiomatic View},
  Year = {2005}}

@techreport{HussainM:tr-rwi14,
  Author = {Zaeem Hussain and Marina Meil\u{a}},
  Institution = {UW Statistics},
  Number = {(in preparation)},
  Title = {Graph-sensitive indices for comparing clusterings},
  Year = {2014}}

@techreport{Patrikainen:subspace04,
  Author = {Patrikainen, Anne and Meil\u{a}, Marina},
  Institution = {University of Washington},
  Number = {UW-CSE-2004-10-01},
  Title = {Comparing subspace clusterings},
  Year = {2004}}

@article{PatrikainenM:subspace05,
  Author = {Patrikainen, Anne and Meil\u{a}, Marina},
  Journal = {IEEE Transactions on Knowledge and Data Engineering},
  Number = {7},
  Pages = {902--916},
  Title = {Comparing subspace clusterings},
  Volume = {18},
  Year = {2006}}

@techreport{LiM:im-tr,
  Author = {Qunhua Li and Marina Meil\u{a}},
  Institution = {University of Washington, Department of Statistics},
  Number = {451},
  Title = {Clustering by Intersection-Merging},
  Year = {2004}}

@inproceedings{MShortreedXu:aistats05,
  Author = {Marina Meil\u{a} and Susan Shortreed and Liang Xu},
  Booktitle = {Proceedings of the Artificial Intelligence and Statistics Workshop(AISTATS 05)},
  Editor = {Robert Cowell and Zoubin Ghahramani},
  Title = {Regularized spectral learning},
  Year = {2005}}

@article{MShortreed:jmlr10,
  Author = {Marina Meil\u{a} and Susan Shortreed},
  Booktitle = {Journal of Machine Learning Research},
  Title = {Regularized spectral learning},
  Year = {(submitted)}}

@inproceedings{SRuizShapiroMBerson:nips03,
  Address = {Cambridge, MA},
  Author = {Salvador Ruiz-Correa and Linda Shapiro and Marina Meil\u{a} and Gabriel Berson},
  Booktitle = {Neural Information Processing Systems},
  Editor = {Sebastian Thrun and Lawrence Saul and Bernhard Sch\"{o}lkopf},
  Publisher = {MIT Press},
  Title = {Discriminating deformable shape classes},
  Volume = {16},
  Year = {2004}}

@inproceedings{sruiz:03,
  Author = {Salvador Ruiz-Correa and Linda Shapiro and Marina Meil\u{a}},
  Booktitle = {IEEE International Conference on Computer Vision},
  Title = {A New Paradigm for Recognizing 3-D Object Shapes from Range Data},
  Year = {2003}}

@article{sruiz:06,
  Author = {Salvador Ruiz-Correa and Linda Shapiro and Marina Meil\u{a} and Gabriel Berson and Michael L. Cunningham and Raymond W. Sze},
  Journal = {IEEE Transactions on Pattern Analysis and Machine Intelligence},
  Month = {January},
  Number = {1},
  Pages = {75--90},
  Title = {Discriminating deformable shape classes},
  Volume = {28},
  Year = {2006}}

@techreport{MVerma:tr03-05-01,
  Author = {Verma, Deepak and Meil\u{a}, Marina},
  Institution = {University of Washington},
  Month = {May},
  Number = {03-05-01},
  Title = {A comparison of spectral clustering algorithms},
  Type = {TR},
  Year = {2003}}

@article{MH:00,
  Author = {Marina Meil\u{a} and David Heckerman},
  Journal = {Machine Learning},
  Number = {1/2},
  Pages = {9--29},
  Title = {An experimental comparison of model-based clustering methods},
  Volume = {42},
  Year = {2001}}

@techreport{CMURI0015,
  Author = {Marina Meil\u{a} and Tommi Jaakkola},
  Institution = {Carnegie Mellon University Robotics Institute},
  Month = {May},
  Number = {CMU--RI--TR--00--15},
  Title = {Tractable Bayesian Learning of Tree Belief Networks},
  Type = {Technical report},
  Year = {2000}}

@techreport{AIM1611,
  Author = {Marina Meil\u{a} and Michael I. Jordan and Quaid D. Morris},
  Institution = {Massachusetts Institute of Technology, Artificial Intelligence Laboratory},
  Number = {AIM--1611,CBCL--151},
  Title = {Estimating dependency structure as a hidden variable},
  Year = {1997}}

@techreport{AIM1688,
  Author = {Tommi Jaakkola and Marina Meil\u{a} and Tony Jebara},
  Institution = {Massachusetts Institute of Technology, Artificial Intelligence Laboratory},
  Month = {July},
  Number = {AIM--1688},
  Title = {Maximum Entropy Discrimination},
  Year = {1999}}

@inproceedings{JMJ:nips99,
  Author = {Tommi Jaakkola and Marina Meil\u{a} and Tony Jebara},
  Booktitle = {Neural Information Processing Systems},
  Editor = {Sara A. Solla and Todd K. Leen and Klaus-R. M\"{u}ller},
  Pages = {470--476},
  Publisher = {MIT Press},
  Title = {Maximum Entropy Discrimination},
  Volume = {12},
  Year = {2000}}

@techreport{AIM1648,
  Author = {Marina Meil\u{a} and Michael I. Jordan and Quaid D. Morris},
  Institution = {Massachusetts Institute of Technology, Artificial Intelligence Laboratory},
  Note = {(revised version of AIM--1611)},
  Number = {AIM--1648,CBCL--165},
  Title = {Estimating dependency structure as a hidden variable},
  Year = {1998}}

@techreport{MJ:tr98,
  Author = {Marina Meil\u{a} and Michael Jordan},
  Institution = {Massachusetts Institute of Technology, CBCL Report},
  Note = {(in preparation)},
  Title = {A top-down approach to structure learning},
  Year = {1998}}

@techreport{Meila_2000_3362,
  Address = {Pittsburgh, PA},
  Author = {Marina Meila and Tommi Jaakkola},
  Institution = {Robotics Institute, Carnegie Mellon University},
  Month = {May},
  Number = {CMU-RI-TR-00-15},
  Title = {Tractable Bayesian Learning of Tree Belief Networks},
  Year = {2000}}

@incollection{Moore_1999_3262,
  Author = {Andrew Moore and Jeff Schneider and Brigham Anderson and Scott Davies and Paul Komarek and Mary Soon Lee and Marina Meila and Remi Munos and Kary Myers and Dan Pelleg},
  Month = {July},
  Title = {Cached Sufficient Statistics for Automated Mining and Discovery from Massive Data Sources},
  Year = {1999}}

@inproceedings{MJ:nips98,
  Author = {Marina Meil\u{a} and Michael I. Jordan},
  Booktitle = {Neural Information Processing Systems},
  Editor = {Michael I. Jordan and Michael J. Kearns and Sara A. Solla},
  Number = {10},
  Pages = {584--590},
  Publisher = {MIT Press},
  Title = {Estimating dependency structure as a hidden variable},
  Year = {1998}}

@phdthesis{THESIS,
  Author = {Marina Meil\u{a}-Predoviciu},
  School = {Massachusetts Institute of Technology},
  Title = {Learning with Mixtures of Trees},
  Year = {1999}}

@article{arslonga,
  Author = {A. R. Sloan and Gavita B. Revis},
  Journal = {Neuralia Town Crier},
  Title = {Lifelong learning effects on neuronal plasticity},
  Volume = {18},
  Year = {1962}}

@inproceedings{MJ:nips95,
  Author = {Marina Meil\u{a} and Michael I. Jordan},
  Booktitle = {Neural Information Processing Systems},
  Editor = {David S. Touretzky and Michael C. Mozer and Michael E. Hasselmo},
  Number = {8},
  Pages = {1003-1009},
  Publisher = {MIT Press},
  Title = {Learning Fine Motion by {M}arkov Mixtures of Experts},
  Year = {1996}}

@inproceedings{MJ:nips96,
  Author = {Marina Meil\u{a} and Michael I. Jordan},
  Booktitle = {Neural Information Processing Systems},
  Editor = {Michael C. Mozer and Michael I. Jordan and Thomas Petsche},
  Number = {9},
  Pages = {557-563},
  Publisher = {MIT Press},
  Title = {Triangulation by continuous embedding},
  Year = {1997}}

@inproceedings{M:icml99,
  Address = {San Francisco, CA},
  Author = {Marina Meil\u{a}},
  Booktitle = {Machine Learning, Proceedings of the 16th International Conference},
  Editor = {Ivan Bratko and Sa\v{s}o D\v{z}eroski},
  Pages = {249--257},
  Publisher = {Morgan Kaufmann},
  Title = {An accelerated {C}how and {L}iu algorithm: fitting tree distributions to high-dimensional sparse data},
  Volume = {16},
  Year = {1999}}

@article{MJa:StatComp00,
  Author = {Marina Meil\u{a} and Tommi Jaakkola},
  Journal = {Statistics and Computing},
  Pages = {77--92},
  Title = {Bayesian Learning of Tree Distributions},
  Volume = {26},
  Year = {2006}}

@inproceedings{MJa:uai00,
  Address = {San Francisco, CA},
  Author = {Marina Meil\u{a} and Tommi Jaakkola},
  Booktitle = {Proceedings of the 16th Conference on Uncertainty in AI},
  Editor = {Craig Boutilier and Moises Goldszmidt},
  Pages = {380--388},
  Publisher = {Morgan Kaufmann},
  Title = {Tractable Bayesian Learning of Tree Distributions},
  Year = {2000}}

@article{MJ:JMLR00,
  Author = {Marina Meil\u{a} and Michael I. Jordan},
  Journal = {Journal for Machine Learning Research},
  Month = {October},
  Number = {1},
  Title = {Learning with Mixtures of Trees},
  Volume = {1},
  Year = {2000}}

@inproceedings{MShi:nips00,
  Address = {Cambridge, MA},
  Author = {Meil\u{a}, Marina and Shi, Jianbo},
  Booktitle = {Advances in Neural Information Processing Systems},
  Editor = {Leen, T. K. and Dietterich, T. G. and Tresp, V.},
  Pages = {873--879},
  Publisher = {MIT Press},
  Title = {Learning segmentation by random walks},
  Volume = {13},
  Year = {2001}}

@inproceedings{MShi:aistats01,
  Author = {Meil\u{a}, Marina and Shi, Jianbo},
  Booktitle = {Artificial Intelligence and Statistics AISTATS},
  Editor = {Jaakkola, T. and Richardson, T.},
  Title = {A random walks view of spectral segmentation},
  Year = {2001}}

@inproceedings{LiXiaWangMHackett:ASMS06,
  Author = {Qunhua Li and Qiangwei Xia and Tiansong Wang and Marina Meila and Murray Hackett},
  Booktitle = {54th ASMS Conference on Mass Spectrometry},
  Month = {May 28-June 1},
  Note = {not peer-reviewed, poster},
  Organization = {American Society for Mass Spectrometry},
  Title = {Analysis of the stochastic variation in {LTQ} single scan mass spectra},
  Year = {2006}}

@inproceedings{LiM:im-JSM,
  Author = {Qunhua Li and Marina Meil\u{a}},
  Booktitle = {Proceedings of the Joint Statistical Meeting JSM},
  Note = {non-refereed},
  Organization = {American Statistical Association},
  Title = {Clustering by Intersection-Merging},
  Year = {2006}}

@article{LiXiaWangMHackett:RCMS06,
  Author = {Qunhua Li and Qiangwei Xia and Tiansong Wang and Marina Meila and Murray Hackett},
  Journal = {Rapid Communications in Mass Spectrometry},
  Number = {10},
  Pages = {1551--1557},
  Publisher = {John Wiley & Sons},
  Title = {Analysis of the stochastic variation in {LTQ} single scan mass spectra},
  Volume = {20},
  Year = {2006}}

@inproceedings{M:aistats03,
  Author = {Meil\u{a}, Marina},
  Booktitle = {Artificial Intelligence and Statistics AISTATS},
  Editor = {Christopher Bishop and Brendan Frey},
  Title = {Data centering in feature space},
  Year = {2003}}

@techreport{UW421,
  Author = {Marina Meil\u{a}},
  Institution = {University of Washington},
  Number = {420},
  Title = {Data centering in feature space},
  Url = {www.stat.washington.edu/mmp/Papers/center.ps},
  Year = {2002},
  Bdsk-Url-1 = {www.stat.washington.edu/mmp/Papers/center.ps}}

@techreport{UW419,
  Author = {Marina Meil\u{a}},
  Institution = {University of Washington},
  Note = {www.stat.washington.edu/reports},
  Number = {418},
  Title = {Comparing clusterings},
  Url = {www.stat.washington.edu/reports},
  Year = {2002},
  Bdsk-Url-1 = {www.stat.washington.edu/reports}}

@techreport{UW418,
  Author = {Marina Meil\u{a}},
  Institution = {University of Washington},
  Number = {417},
  Title = {The multicut lemma},
  Url = {www.stat.washington.edu/reports},
  Year = {2002},
  Bdsk-Url-1 = {www.stat.washington.edu/reports}}

@inproceedings{M:compare-colt03,
  Author = {Marina Meil\u{a}},
  Booktitle = {Proceedings of the Sixteenth Annual Conference ofn Computational Learning Theory (COLT)},
  Editor = {Warmuth, Manfred and Sch\"{o}lkopf, Bernhard},
  Publisher = {Springer},
  Title = {Comparing clusterings by the Variation of Information},
  Volume = {16},
  Year = {2003}}

@techreport{MXu:nips-multicut-tr03,
  Author = {Marina Meila and Liang Xu},
  Institution = {University of Washington},
  Month = {May},
  Number = {442},
  Title = {Multiway cuts and spectral clustering},
  Url = {{\tt www.stat.washington.edu/mmp/Papers/nips03-multicut-tr.ps}},
  Year = {2003},
  Bdsk-Url-1 = {%7B%5Ctt%20www.stat.washington.edu/mmp/Papers/nips03-multicut-tr.ps%7D}}

@article{M:compare-jmva,
  Author = {Meil\u{a}, Marina},
  Journal = {Journal of Multivariate Analysis},
  Number = {5},
  Pages = {873-895},
  Title = {Comparing clusterings -- an information based distance},
  Volume = {98},
  Year = {2007}}

@misc{M:itr02-link,
  Author = {Meil\u{a}, Marina},
  Howpublished = {NSF ITR award IIS-0313339},
  Month = {December},
  Title = {Clustering of link data -- theory and algorithms},
  Year = {2002},
}
@misc{M:nsf-stability18,
  Author = {Meil\u{a}, Marina (PI) and Harchaoui, Zaid },
  Howpublished = {NSF Award DMS-181097},
%  Month = {December},
  Title = {Cluster validation without model assumptions}
  Year = {2018},
}
@misc{ChenMcqueenKoelleMChmielaTkatchenko:mlcules-dum19,
  Author = {Yu-Chia Chen and James McQueen and Samson J. Koelle and Marina Meila and Stefan Chmiela and Alexandre Tkatchenko},
  Howpublished = {{\tt www.stat.washington.edu/mmp/Papers/mlcules-arxiv.pdf}},
  Month = {July},
  Title = {Modern Manifold Learning Methods for MD data – a step by step procedural overview},
  Year = {2019},
}

@article{FoxKwokM:ieee04,
  Author = {Fox, Dieter and Kwok, Cody T. and Meil\u{a}, Marina},
  Journal = {IEEE Special Issue on Real-Time state estimation},
  Number = {3},
  Pages = {469--483},
  Title = {Real--time particle filters},
  Volume = {92},
  Year = {2004}}

@inproceedings{SarkarMFranza:SIAM04,
  Author = {Sarkar, A. and Meil\u{a}, M. and Franza, R.B.},
  Booktitle = {SIAM Conference on the Life Sciences, Portland},
  Title = {Stochastic Modeling and Sensitivity Analysis of Signal Transduction Processes in {T} Cell--Dendritic Cell Interactions},
  Year = {2004}}

@inproceedings{PentneyM:aaai05,
  Address = {Menlo Park, California},
  Author = {Pentney, William and Meil\u{a}, Marina},
  Booktitle = {Proceedings of Twentieth National Conference on Artificial Intelligence (AAAI-05)},
  Editor = {Manuela Veloso and Subbarao Kambhampati},
  Pages = {845--850},
  Publisher = {The AAAI Press},
  Title = {Spectral clustering of biological sequence data},
  Year = {2005}}

@inproceedings{ShortreedM:uai05,
  Address = {Arlington,Virginia},
  Author = {Shortreed, Susan and Meil\u{a}, Marina},
  Booktitle = {Proceedings of the 21st Conference on Uncertainty in AI},
  Editor = {Tommi Jaakkola and Fahiem Bachhus},
  Pages = {534-544},
  Publisher = {AUAI Press},
  Title = {Unsupervised spectral learning},
  Year = {2005}}

@techreport{PatrikainenM:netscan-tr05,
  Author = {Anne Patrikainen and Marina Meil\u{a}},
  Institution = {University of Washington},
  Number = {CSE-05-06-05 and CSSS WP-49},
  Title = {Spectral clustering for Microsoft Netscan data},
  Year = {2005}}

@article{LamMXiaHackett:reviewpaper06,
  Author = {Richard J. Lamont and Marina Meila and Qiangwei Xia and Murray Hackett},
  Journal = {Infectious Disorders -- Drug Targets},
  Pages = {311-325},
  Title = {Mass spectrometry-based proteomics and its application to studies of {P}orphyromonas gingivalis invasion and pathogenicity},
  Volume = {6},
  Year = {2006}}

@article{M:book-review-MI06,
  Author = {Marina Meil\u{a}},
  Journal = {The Mathematical Intelligencer},
  Number = {1},
  Pages = {67--69},
  Title = {Book review: "Machine Learning, Discriminative and Generative by Tony Jebara''},
  Volume = {28},
  Year = {2006}}

@techreport{Hiller:pce04,
  Author = {David Hiller and Marina Meil\u{a}},
  Institution = {University of Washington},
  Title = {Finding Piecewise constant vectors by dynamic programming},
  Type = {Working paper},
  Year = {2004}}

@article{MBao:jasa-infinite07,
  Author = {Marina Meil\u{a} and Le Bao},
  Journal = {Journal of the American Statistical Association},
  Title = {Estimation and clustering with infinite rankings},
  Year = {(submitted)}}

@inproceedings{MBao:nips07-infinite,
  Author = {Marina Meil\u{a} and Le Bao},
  Booktitle = {Neural Information Processing Systems},
  Editor = {Daphne Koller and Yoram Singer},
  Pages = {(submitted)},
  Title = {Estimation and clustering with infinite rankings},
  Year = {2007}}

@misc{SarkarMFranza:nfkb05,
  Author = {Sarkar, Anamika and Meila, Marina , Franzia, Bob R.},
  Howpublished = {(submitted)},
  Title = {Simulation analysis of a {I$\kappa$B}, {NF$\kappa$B} regulation model: deterministic or stochastic?},
  Year = {2005}}

@inproceedings{SarkarMFranza:mmcs07,
  Author = {Sarkar, Anamika and Meila, Marina , Franzia, Bob R.},
  Booktitle = {International Conference on Mathematical Modelling And Computer Simulation},
  Pages = {(rejected)},
  Title = {Mathematical modeling of {T}-cell and dendritic cell interactions: signals from low molecule numbers'},
  Year = {2006}}

@article{M:03,
  Author = {Marina Meil\u{a}},
  Journal = {(submitted)},
  Title = {Comparing clusterings},
  Year = {2002}}

@article{PatrikainenM:subspace05,
  Author = {Patrikainen, A and Meila, M.},
  Journal = {IEEE Transactions on Knowledge and Data Engineering},
  Number = {7},
  Pages = {902--916},
  Title = {Comparing subspace clusterings},
  Volume = {18},
  Year = {2006}}

@inproceedings{PatrikainenM:sdm05,
  Author = {Patrikainen, Anne and Meil\u{a}, Marina},
  Booktitle = {(submitted)},
  Title = {Comparing subspace clusterings},
  Year = {2005}}

@inproceedings{MPentney:nips05,
  Author = {Marina Meil\u{a} and William Pentney},
  Booktitle = {Advances in Neural Information Processing Systems},
  Note = {(submitted)},
  Publisher = {MIT Press},
  Title = {Weighted cuts in directed graphs},
  Year = {2005}}

@techreport{MXu:link-tr,
  Author = {Liang Xu and Marina Meil\u{a}},
  Institution = {University of Washington},
  Month = {February},
  Number = {(in preparation)},
  Title = {Spectral clustering and embedding for directed graphs},
  Year = {2004}}

@techreport{MXuShortreed:04,
  Author = {Meil\u{a}, Marina and Xu, Liang and Shortreed, Susan},
  Institution = {University of Washington},
  Optnumber = {(in preparation)},
  Title = {Spectral clustering on directed graphs},
  Year = {2004}}

@techreport{MXu:two-clusterings-tr03,
  Author = {Marina Meila and Liang Xu},
  Institution = {University of Washington},
  Note = {(in preparation)},
  Title = {A unicity theorem for spectral clustering},
  Year = {2003}}

@inproceedings{MXu:two-clusterings-soda04,
  Author = {Marina Meila and Liang Xu},
  Booktitle = {(Submitted to SODA 04)},
  Title = {A unicity theorem for spectral clustering},
  Year = {2004}}

@inproceedings{MPhadnisPattersonBilmes:uai07,
  Author = {Meil\u{a}, Marina and Phadnis, Kapil and Patterson, Arthur and Bilmes, Jeff},
  Booktitle = {Proceedings of the 23rd Conference on Uncertainty in AI},
  Editor = {Parr, Ron and Van den Gaag, Linda},
  Title = {Consensus ranking under the exponential model},
  Volume = {23},
  Year = {2007}}

@techreport{MPhadnisPattersonBilmes:tr-gen-Mallows07,
  Author = {Meil\u{a}, Marina and Phadnis, Kapil and Patterson, Arthur and Bilmes, Jeff},
  Institution = {UW Statistics},
  Number = {515},
  Title = {Consensus ranking under the exponential model},
  Year = {2007}}

@techreport{MBao:tr-infi08,
  Author = {Meila, Marina and Bao, Le},
  Institution = {UW Statistics},
  Number = {529},
  Title = {Estimation and clustering with infinite rankings},
  Year = {2008}}

@inproceedings{MandhaniM:heuristics-aistats09,
  Author = {Mandhani, Bhushan and Meila, Marina},
  Booktitle = {Artificial Intelligence and Statistics AISTATS},
  Editor = {David VanDick and Max Welling},
  Number = {12},
  Title = {Better search for learning exponential models of rankings},
  Year = {2009}}

@techreport{MBubeckLuxburg:tr-kmeans-ini09,
  Author = {Sebastien Bubeck and Marina Meil\u{a} and von Luxburg, Ulrike},
  Institution = {ArXiv},
  Number = {arXiv:0907.5494v1 [stat.ML]},
  Title = {How the initialization affects the stability of the k-means algorithm},
  Year = {2009}}

@phdthesis{Shortreed:06-Thesis,
  Author = {Susan Shortreed},
  School = {University of Washington},
  Title = {Learning in Spectral Clustering},
  Year = {2006}}

@inproceedings{AliM:aaai10,
  Author = {Alnur Ali and Marina Meil\u{a}},
  Booktitle = {Proceedings of the American Association for Artificial Intelligence (AAAI 2010)},
  Pages = {(not accepted)},
  Title = {Experiments with Consensus Ranking: What Works When?},
  Year = {2010}}

@inproceedings{SontagJaakGlobersonM:aist10,
  Author = {David Sontag and Tommi Jaakkola and Amir Globerson and Marina Meila},
  Booktitle = {Proceedings of the AI and Statistics Conference (AISTATS 2010)},
  Title = {Learning Bayesian Network Structure using {LP} relaxations},
  Year = {2010}}

@inproceedings{MChen:uai10,
  Address = {Los Angeles, California},
  Author = {Marina Meila\u and Harr Chen},
  Booktitle = {Proceedings of the 26st Conference on Uncertainty in AI},
  Editor = {Peter Gr\"{u}nwald and Peter Spirtes},
  Publisher = {AUAI Press},
  Title = {Dirichlet Process Mixtures of Generalized Mallows Models},
  Year = {2010}}

@article{MChen:pami12,
  Author = {Marina Meila and Chen, Harr},
  Journal = {IEEE Transactions on Pattern Analysis and Machine Intelligence},
  Month = {November},
  Number = {11},
  Pages = {2156--2169},
  Title = {Bayesian non-parametric clustering of ranking data},
  Volume = {38},
  Year = {2016}}

@inproceedings{PerraultM:riemann-snowbird11,
  Author = {Dominique Perrault-Joncas and Marina Meil\u{a}},
  Booktitle = {The Snowbird Learning Workshop},
  Optyear = {2011},
  Title = {Riemannian Metric Estimation and the Problem of Geometric Recovery}}

@inproceedings{DominiqueMScott:aaai10,
  Author = {Dominique Perrault-Joncas and Marina Meil\u{a} and Marc Scott},
  Booktitle = {AAAI 2010 Fall Symposium on Manifold Learning and its Applications},
  Organization = {AAAI},
  Title = {Building a Job Landscape from Directional Transition Data},
  Year = {2010}}

@misc{AliMMurphyChen:cao-nips-w10,
  Author = {Ali, A. and Meila, M. and Murphy, B. and Chen, H},
  Howpublished = {NIPS Workshop on Computational Social Science and the Wisdom of Crowds},
  Note = {(oral presentation, 5 out of 45 submissions)},
  Title = {Preferences in college applications -- a non-parametric {Bayesian} analysis of top-10 rankings},
  Year = {2010}}

@article{AliM:mss11,
  Author = {Alnur Ali and Marina Meila},
  Editor = {Felix Brandt, Jean-Francois Laslier, William Zwicker},
  Journal = {Mathematics of Social Sciences, Special Issue on Computational Social Choice},
  Number = {1},
  Pages = {28-40},
  Title = {Experiments with Kemeny Ranking: What Works When?},
  Volume = {64},
  Year = {2012}}

@inbook{NugentM:clust-bookchapter10,
  Author = {Nugent, R. and Meila, M},
  Chapter = {An Overview of Clustering Applied to Molecular Biology},
  Publisher = {Humana Press, Springer},
  Title = {Statistical Methods in Molecular Biology},
  Year = {2010}}

@inproceedings{MeekM:rim-nips14,
  Author = {Christopher Meek and Marina Meila},
  Booktitle = {Advances in Neural Information Processing Systems},
  Editor = {Z. Ghahramani and M. Welling and C. Cortes and N.D. Lawrence and K.Q. Weinberger},
  Number = {27},
  Pages = {631--639},
  Publisher = {Curran Associates, Inc.},
  Title = {Recursive inversion models for permutations},
  Url = {http://papers.nips.cc/paper/5579-recursive-inversion-models-for-permutations.pdf},
  Year = {2014},
  Bdsk-Url-1 = {http://papers.nips.cc/paper/5579-recursive-inversion-models-for-permutations.pdf}}

@inproceedings{MArora:13,
  Author = {Marina Meila and Raman Arora},
  Booktitle = {Proceedings of the AI and Statistics Conference (AISTATS), 2013},
  Title = {Consensus ranking with signed permutations},
  Year = {2013}}

@article{M:rss-discuss12,
  Author = {Marina Meila},
  Journal = {Journal of the Royal Statistical Association, Applied Statistics},
  Pages = {1--25},
  Title = {Discussion of ``{H}ow to find an appropriate clustering for mixed type variables with application to socio-economic stratification'' by {C}hristian {H}ennig and {T}im {F.} {L}iao},
  Volume = {62},
  Year = {2013}}

@book{HennigMMurtaghRocci:handbook15,
  Author = {Hennig, Christian and Marina Meila and Fionn Murtagh and Roberto Rocci},
  Date-Modified = {2018-11-27 22:29:35 +0000},
  Publisher = {CRC Press},
  Title = {Handbook of cluster analysis},
  Year = {(to appear)}}

@techreport{M:tr-stability14,
  Author = {Marina Meila},
  Institution = {University of Washington},
  Month = {June},
  Number = {624},
  Title = {The stability of a good clustering},
  Year = {2014}}

@inproceedings{MWan:nips15,
  Author = {Yali Wan and Marina Meila},
  Booktitle = {Advances in Neural Information Processing Systems (NIPS)},
  Editor = {Daniel Lee and Masashi Sugiyama},
  Title = {A class of network models recoverable by spectral clustering},
  Year = {2015}}

@inproceedings{WanM:isaim16,
  Author = {Yali Wan and Marina Meila},
  Booktitle = {International Symposium on Artificial Intelligence and Mathematics (ISAIM)},
  Title = {Benchmarking recovery theorems for the {DC-SBM}},
  Year = {2015}}

@inproceedings{WanM:nips16,
  Author = {Wan, Yali and Meil\u{a}, Marina},
  Booktitle = {Advances in Neural Information Processing Systems (NIPS)},
  Title = {Graph clustering: block-models and model-free results},
  Year = {2016}}
